<collection xmlns='http://www.loc.gov/MARC21/slim' xmlns:xsi='http://www.w3.org/2001/XMLSchema-instance' xsi:schemaLocation='http://www.loc.gov/standards/marcxml/schema/MARC21slim.xsd'>
  <record xmlns="http://www.loc.gov/MARC21/slim">
    <leader>00000ctm a2200000Ia 4500</leader>
    <controlfield tag="001">on1135061844</controlfield>
    <controlfield tag="008">200107q14051414ir ap         000 0 per d</controlfield>
    <datafield tag="040" ind1=" " ind2=" ">
      <subfield code="a">BMC</subfield>
      <subfield code="b">eng</subfield>
      <subfield code="e">amremm</subfield>
      <subfield code="c">BMC</subfield>
      <subfield code="d">BMC</subfield>
    </datafield>
    <datafield tag="099" ind1=" " ind2=" ">
      <subfield code="a">BV 51</subfield>
    </datafield>
    <datafield tag="049" ind1=" " ind2=" ">
      <subfield code="a">BMCC</subfield>
    </datafield>
    <datafield tag="100" ind1="0" ind2=" ">
      <subfield code="6">880-01</subfield>
      <subfield code="a">Niẓāmī Ganjavī,</subfield>
      <subfield code="d">1140 or 1141-1202 or 1203.</subfield>
    </datafield>
    <datafield tag="240" ind1="1" ind2="0">
      <subfield code="6">880-02</subfield>
      <subfield code="a">Khamsah.</subfield>
      <subfield code="k">Selections</subfield>
    </datafield>
    <datafield tag="245" ind1="1" ind2="0">
      <subfield code="6">880-03</subfield>
      <subfield code="a">Khamsah.</subfield>
    </datafield>
    <datafield tag="264" ind1=" " ind2="0">
      <subfield code="a">[Shiraz, Iran],</subfield>
      <subfield code="c">[between 1405 and 1414?].</subfield>
    </datafield>
    <datafield tag="300" ind1=" " ind2=" ">
      <subfield code="a">183 foliated leaves :</subfield>
      <subfield code="b">paper, illustrations, illuminations ;</subfield>
      <subfield code="c">108 x 67 (73 x 50) mm bound to 110 x 75 mm</subfield>
    </datafield>
    <datafield tag="336" ind1=" " ind2=" ">
      <subfield code="a">text</subfield>
      <subfield code="b">txt</subfield>
      <subfield code="2">rdacontent</subfield>
    </datafield>
    <datafield tag="337" ind1=" " ind2=" ">
      <subfield code="a">unmediated</subfield>
      <subfield code="b">n</subfield>
      <subfield code="2">rdamedia</subfield>
    </datafield>
    <datafield tag="338" ind1=" " ind2=" ">
      <subfield code="a">volume</subfield>
      <subfield code="b">nc</subfield>
      <subfield code="2">rdacarrier</subfield>
    </datafield>
    <datafield tag="340" ind1=" " ind2=" ">
      <subfield code="d">manuscript</subfield>
    </datafield>
    <datafield tag="500" ind1=" " ind2=" ">
      <subfield code="a">Manuscript codex.</subfield>
    </datafield>
    <datafield tag="520" ind1=" " ind2=" ">
      <subfield code="a">Incomplete copy of the Khamsah containing small portions of Makhzan al-asrār, most of Laylī va Majnūn, about half of Khusraw va Shirīn, and the first third of Haft Paykar; Iskandarnāmah is missing. 24 color illustrations, some unfinished.</subfield>
    </datafield>
    <datafield tag="546" ind1=" " ind2=" ">
      <subfield code="a">Persian.</subfield>
    </datafield>
    <datafield tag="500" ind1=" " ind2=" ">
      <subfield code="a">Title from introduction (f. 6r).</subfield>
    </datafield>
    <datafield tag="500" ind1=" " ind2=" ">
      <subfield code="a">Foliation: Modern foliation added in pencil, upper left recto; catchwords every verso lower left.</subfield>
    </datafield>
    <datafield tag="500" ind1=" " ind2=" ">
      <subfield code="a">Layout: Written in 19 lines in four columns; border-ruled.</subfield>
    </datafield>
    <datafield tag="500" ind1=" " ind2=" ">
      <subfield code="a">Script: Written in nastaʻlīq in black ink; pointed.</subfield>
    </datafield>
    <datafield tag="500" ind1=" " ind2=" ">
      <subfield code="a">Decoration: Illuminated medallion in gold and blue on opening page (f. 3r); dual-page illuminated first full opening (f. 3v-4r) in gold and blue with text on cloudbands; 24 color illustrations, some incomplete (f. 5r, 8r, 12r, 14r, 15r, 18v, 27v, 33r, 38v, 55r, 57v, 60v, 68v, 73v, 82r, 92v, 101r, 107r, 108r, 121v, 131r, 134r, 134v, 142r, 158v); illuminated headpiece in gold and blue (f. 111v); textblock is border ruled in gold, including between columns; titles in gold.</subfield>
    </datafield>
    <datafield tag="500" ind1=" " ind2=" ">
      <subfield code="a">Origin: Copy completed by Ḥasan al-Ḥāfiẓ (f. 111r) and has been dated to the early 15th century and was likely produced in the workshop of either Iskandar Sultan or Ibrahim Sultan (Yael Rice).</subfield>
    </datafield>
    <datafield tag="500" ind1=" " ind2=" ">
      <subfield code="a">Binding: Lacquered binding of flowers on a black field with floral frame; inside covers have a brown field with black frame and three gold tooled inset frames. Slipcase with "Collected poems in Persian" printed on it in gold.</subfield>
    </datafield>
    <datafield tag="524" ind1=" " ind2=" ">
      <subfield code="a">Bryn Mawr College Libraries BV 51</subfield>
    </datafield>
    <datafield tag="544" ind1="0" ind2=" ">
      <subfield code="n">A page from this manuscript is in the Harvard Art Museum, object number 2011.539</subfield>
    </datafield>
    <datafield tag="541" ind1="1" ind2=" ">
      <subfield code="a">Gift of Doreen Canaday Spitzer.</subfield>
    </datafield>
    <datafield tag="561" ind1="1" ind2=" ">
      <subfield code="a">Formerly owned by Ibrāhīm Sulṭān ibn Shāhrukh (decorative owner's statement, f. 3r).</subfield>
    </datafield>
    <datafield tag="581" ind1=" " ind2=" ">
      <subfield code="a">Rice, Yael. "An Early Fifteenth-Century Khamsa from Shiraz in the Bryn Mawr College Library," Muqarnas 28 (2011): 265-281.</subfield>
    </datafield>
    <datafield tag="650" ind1=" " ind2="0">
      <subfield code="a">Persian poetry</subfield>
      <subfield code="y">747-1500.</subfield>
    </datafield>
    <datafield tag="655" ind1=" " ind2="0">
      <subfield code="a">Manuscripts, Persian.</subfield>
    </datafield>
    <datafield tag="655" ind1=" " ind2="0">
      <subfield code="a">Manuscripts, 15th century.</subfield>
    </datafield>
    <datafield tag="655" ind1=" " ind2="7">
      <subfield code="a">Codices (bound manuscripts)</subfield>
      <subfield code="2">aat</subfield>
    </datafield>
    <datafield tag="655" ind1=" " ind2="7">
      <subfield code="a">Manuscripts (documents)</subfield>
      <subfield code="2">aat</subfield>
    </datafield>
    <datafield tag="655" ind1=" " ind2="7">
      <subfield code="a">Illuminations (painting)</subfield>
      <subfield code="2">aat</subfield>
    </datafield>
    <datafield tag="655" ind1=" " ind2="7">
      <subfield code="a">Miniatures (paintings)</subfield>
      <subfield code="2">aat</subfield>
    </datafield>
    <datafield tag="700" ind1="0" ind2=" ">
      <subfield code="6">880-04</subfield>
      <subfield code="a">Ibrāhīm ibn Shāhrukh,</subfield>
      <subfield code="c">Sulṭān,</subfield>
      <subfield code="d">-1435,</subfield>
      <subfield code="e">former owner.</subfield>
    </datafield>
    <datafield tag="700" ind1="1" ind2=" ">
      <subfield code="6">880-05</subfield>
      <subfield code="a">Ḥāfiẓ, Ḥasan,</subfield>
      <subfield code="d">active 15th century,</subfield>
      <subfield code="e">scribe.</subfield>
    </datafield>
    <datafield tag="700" ind1="1" ind2=" ">
      <subfield code="a">Spitzer, Doreen Canaday,</subfield>
      <subfield code="e">donor.</subfield>
    </datafield>
    <datafield tag="856" ind1="4" ind2="1">
      <subfield code="z">Digital facsimile in OPenn</subfield>
      <subfield code="u">http://openn.library.upenn.edu/Data/0003/html/bv_051.html</subfield>
    </datafield>
    <datafield tag="852" ind1=" " ind2=" ">
      <subfield code="b">Special Collections</subfield>
      <subfield code="a">Bryn Mawr College Libraries</subfield>
      <subfield code="e">Bryn Mawr, PA</subfield>
      <subfield code="u">https://tricolib.primo.exlibrisgroup.com/discovery/search?vid=01TRI_INST:BMC</subfield>
    </datafield>
    <datafield tag="880" ind1="0" ind2=" ">
      <subfield code="6">100-01/(3/r</subfield>
      <subfield code="a">نظامى گنجوى،</subfield>
      <subfield code="d">1140 or 1141-1202 or 1203.</subfield>
    </datafield>
    <datafield tag="880" ind1="1" ind2="0">
      <subfield code="6">240-02/(3/r</subfield>
      <subfield code="a">خمسه.</subfield>
      <subfield code="k">Selections</subfield>
    </datafield>
    <datafield tag="880" ind1="1" ind2="0">
      <subfield code="6">245-03/(3/r</subfield>
      <subfield code="a">خمسه.</subfield>
    </datafield>
    <datafield tag="880" ind1="0" ind2=" ">
      <subfield code="6">700-04/(3/r</subfield>
      <subfield code="a">ابراهيم بن شاهرخ,</subfield>
      <subfield code="c">سلطان،</subfield>
      <subfield code="d">-1435,</subfield>
      <subfield code="e">former owner.</subfield>
    </datafield>
    <datafield tag="880" ind1="1" ind2=" ">
      <subfield code="6">700-05/(3/r</subfield>
      <subfield code="a">حافظ، حسن،</subfield>
      <subfield code="d">active 15th century,</subfield>
      <subfield code="e">scribe.</subfield>
    </datafield>
    <datafield tag="066" ind1=" " ind2=" ">
      <subfield code="c">(3</subfield>
      <subfield code="c">(4</subfield>
    </datafield>
  </record></collection>